@article{article:Bradley1968,
  author = {Bradley, C. J. and Davies, B. L.},
  doi = {10.1103/RevModPhys.40.359},
  journal = {Rev. Mod. Phys.},
  month = {4},
  number = {2},
  pages = {359--379},
  title = {{Magnetic Groups and Their Corepresentations}},
  volume = {40},
  year = {1968}
}
@article{article:Tellgren2018,
  author = {Tellgren, Erik I. and Laestadius, Andre and Helgaker, Trygve and Kvaal, Simen and Teale, Andrew M.},
  doi = {10.1063/1.5007300},
  journal = {J. Chem. Phys.},
  month = {1},
  number = {2},
  pages = {024101},
  title = {{Uniform magnetic fields in density-functional theory}},
  url = {http://dx.doi.org/10.1063/1.5007300 http://aip.scitation.org/doi/10.1063/1.5007300},
  volume = {148},
  year = {2018}
}
@article{article:Irons2021,
  author = {Irons, Tom J. P. and Garner, Adam and Teale, Andrew M.},
  doi = {10.3390/chemistry3030067},
  journal = {Chemistry (MDPI).},
  month = {8},
  number = {3},
  pages = {916--934},
  title = {{Topological Analysis of Magnetically Induced Current Densities in Strong Magnetic Fields Using Stagnation Graphs}},
  volume = {3},
  year = {2021}
}
@article{article:Keith1993,
  author = {Keith, Todd A. and Bader, Richard F.W.},
  doi = {10.1063/1.466165},
  journal = {J. Chem. Phys.},
  number = {5},
  pages = {3669--3682},
  title = {{Topological analysis of magnetically induced molecular current distributions}},
  volume = {99},
  year = {1993}
}
@book{book:Birss1966,
  address = {Amsterdam},
  author = {Birss, Robert R.},
  publisher = {North-Holland Pub. Co.},
  title = {{Symmetry and Magnetism}},
  year = {1966}
}
@book{book:Weil2007,
  address = {Hoboken, New Jersey},
  author = {Weil, John A. and Bolton, James R.},
  isbn = {978-0471-75496-1},
  publisher = {John Wiley \& Sons, Inc.},
  edition = {2nd},
  title = {{Electron Paramagnetic Resonance}},
  year = {2007}
}
@book{book:Wigner1959,
  address = {London},
  author = {Wigner, Eugene},
  pages = {386},
  publisher = {Academic Press},
  title = {{Group Theory and Its Application to the Quantum Mechanics of Atomic Spectra}},
  year = {1959}
}
@incollection{bookchapter:Lazzeretti1993,
  address = {Maryland},
  author = {Lazzeretti, Paolo and Malagoli, Massimo and Zanasi, Riccardo},
  booktitle = {Nucl. Magn. Shield. Mol. Struct.},
  editor = {Tossell, J. A.},
  isbn = {978-94-010-4722-7},
  pages = {163},
  publisher = {Springer Science+Business Media, B.V.},
  title = {{NATO ASI Series: Electronic Current Density Induced by Magnetic Fields and Magnetic Moments in Molecules}},
  year = {1993}
}